@misc {Indeed202111ImportantSoft,
   url = {https://www.indeed.com/career-advice/career-development/software-developer-soft-skills},
   title = {11 Important Soft Skills for Software Developers},
   year = {2021},
   author = {{Indeed}},
}
@misc {GamingRevenue,
   url = {https://newzoo.com/resources/blog/last-looks-the-global-games-market-in-2023},
   title = {Last looks: The global games market in 2023},
   year = {2024},
   author = {Tom Wijman},
}

@misc {GEQpaper,
   url = {https://dl.acm.org/doi/pdf/10.1145/3242671.3242683},
   title = {Systematic Review and Validation of the Game Experience Questionnaire (GEQ) – Implications for Citation and Reporting Practice},
   year = {2018},
   author = {Effie L.-C. Law},
}

@misc {GEQquestions,
   url = {https://pure.tue.nl/ws/files/21666907/Game_Experience_Questionnaire_English.pdf},
   title = {The Game Experience Questionnaire},
   year = {2013},
   author = {Wijnand IJsselsteijn},
}

@misc {MIDIStandard,
   url = {https://cecm.indiana.edu/361/midi.html},
   title = {Introduction to the MIDI Standard},
   author = {Indiana University Bloomington},
}

@misc {drywetmidi,
   url = {https://github.com/melanchall/drywetmidi},
   title = {DryWetMIDI},
   author = {Melanchall},
}

@misc {midijack,
   url = {https://github.com/keijiro/MidiJack},
   title = {MidiJack},
   author = {Keijiro Takahashi},
}

@misc {minis,
   url = {https://github.com/keijiro/Minis},
   title = {Minis},
   author = {Keijiro Takahashi},
}

@misc {MidiEngine3,
   url = {https://www.fab.com/listings/797afbf9-e1dc-4883-8a1b-fac3d4abcd46},
   title = {Midi Engine 3},
   author = {Algosyntax},
}

@misc {MotivationAndSelf-RegulationinMusicLearning,
   url = {https://newzoo.com/resources/blog/last-looks-the-global-games-market-in-2023},
   title = {Last looks: The global games market in 2023},
   year = {2024},
   author = {Tom Wijman},
}

@misc {Self-DeterminedMotivationforPractice,
   url = {https://newzoo.com/resources/blog/last-looks-the-global-games-market-in-2023},
   title = {Last looks: The global games market in 2023},
   year = {2024},
   author = {Tom Wijman},
}

@misc {RocksmithUbisoft,
   url = {https://www.ubisoft.com/en-us/company/about-us/our-brands/rocksmith3},
   title = {Rocksmith},
   year = {2024},
   author = {Ubisoft},
}


@misc {PianoTeachingandthePandemic,
   url = {https://dsr.ju.edu.jo/djournals/index.php/Hum/article/view/170/1284},
   title = {Piano Teaching and the Pandemic: Challenges and Opportunities},
   year = {2023},
   author = {Tsonka Al Bakri},
}

@misc {E-LearningPiano,
   title = {E-learning Environments, Opportunities and Challenges in Teaching and Learning to Play the Piano in Student Teacher Education},
   year = {2017},
   author = {Inkeri Ruokonen},
}

@misc {Computer-AssistedInstructionPianoEducation,
   url = {https://files.eric.ed.gov/fulltext/EJ1258539.pdf},
   title = {The Effect of Computer-Assisted Instruction on Piano Education: An Experimental Study with Pre-service Music Teachers},
   year = {2020},
   author = {Yavuz Selim Kaleli},
}

@misc {Yuan,
   title = {Game accessibility: a survey},
   year = {2010},
   author = {Bei Yuan},
}

@misc {Bierre,
   title = {Game Not Over: Accessibility Issues in Video Games},
   year = {2005},
   author = {Kevin Bierre},
}

@misc {Gray,
   title = {The Dark (Patterns) Side of UX Design},
   year = {2018},
   author = {Colin M. Gray},
}

@misc {Kuss,
   title = {Internet gaming addiction: current perspectives},
   year = {2013},
   author = {Daria Kuss},
}

@misc {Gjelsvik,
   title = {Choice, Behavioural Economics and Addiction},
   year = {2003},
   author = {Olav Gjelsvik},
}

@misc {SkoovePianoApps,
    url = {https://www.skoove.com/blog/best-piano-apps/},
    title = {9 best piano learning apps 2024},
    year = {2024},
    author = {Susana Pérez Posada},
}

@misc {Rocksmith+,
    url = {https://store.ubisoft.com/us/rocksmith-plus?lang=en_US},
    title = {Rocksmith+},
    year = {2024},
    author = {Ubisoft},
}

@misc {Miditoolkit,
    url = {https://github.com/YatingMusic/miditoolkit/tree/master},
    title = {Miditoolkit},
    year = {2023},
    author = {YatingMusic},
}

@misc {Pretty-midi,
    url = {https://github.com/craffel/pretty-midi},
    title = {Intuitive Analysis, Creation and Manipulation of MIDI Data with pretty_midi},
    year = {2014},
    author = {Colin Raffel and Daniel P. W. Ellis},
}

@misc {Tonejs-Midi,
    url = {https://github.com/Tonejs/Midi},
    title = {Tonejs},
    year = {2023},
    author = {Tonejs},
}

@misc {PianoTeachingAndLearningConcerns,
    url = {https://www.mdpi.com/2414-4088/5/7/38},
    title = {What Early User Involvement Could Look Like—Developing Technology Applications for Piano Teaching and Learning},
    year = {2021},
    author = {Tina Bobbe},
}

@misc {Wagner,
    title = {Digital Gamification in Private Music Education},
    year = {2017},
    author = {Carolyn Wagner},
}

@misc {Cassidy,
    title = {Music-games: A case study of their impact},
    year = {2013},
    author = {Gianna G. Cassidy and Anna M. J.M. Paisley},
}

@misc {Synthesia,
    url = {https://synthesiagame.com/},
    title = {Synthesia},
    year = {2022},
    author = {Synthesia LLC},
}

@misc{UnrealEngine5,
    url = {https://www.unrealengine.com/en-US},
    title = {Unreal Engine},
    author = {Epic Games},
    year = {2024}
}

@misc{Pygame,
    url = {https://www.pygame.org/docs/ref/midi.html#pygame.midi.Input},
    title = {Pygame},
    year = {2024}
}